@BOOK{on-lisp,
  author =	"Paul Graham",
  title =	"On LISP: Advanced Techniques for Common LISP",
  publisher =	"Prentice Hall",
  year =	"1993"
  }

@BOOK{java-generics,
  author = "James Gosling and Bill Joy and Guy Steele and Gilad Bracha",
  title = "Java(tm) Language Specification, Third Edition",
  publisher = "Addision-Wesley",
  year = 2005
}

@BOOK{fowler,
  author = "Martin Fowler",
  title = "Domain-Specific Languages",
  publisher = "Addision-Wesley",
  year = 2010
}

@TECHREPORT{cuda,
  key = "Nvidia",
  institution = "Nvidia Corporation",
  title = "CUDA: Compute Unified Device Architecture Programming Guide",
  year = 2007
}

@TECHREPORT{ctm,
  key = "ATI",
  institution = "ATI Corporation",
  title = "ATI CTM (Close To Metal) Guide",
  year = 2007
}

@ARTICLE{opencl,
  author = "John E. Stone and David Gohara and Guochun Shi",
  title = "OpenCL: A Parallel Programming Standard for Heterogeneous Computing Systems",
  journal = "Computing in Science and Engineering",
  volume = "12",
  pages = "66--73",
  year = 2010
}

@ARTICLE{ward,
  author = "M. Ward",
  title = "Language Oriented Programming",
  journal = "Software--Concepts and Tools",
  volume = "15",
  pages = "147--161",
  year = 1994
}

@inproceedings{intentional,
 author = {Simonyi, Charles and Christerson, Magnus and Clifford, Shane},
 title = {Intentional software},
 booktitle = {OOPSLA '06: Proceedings of the 21st annual ACM SIGPLAN conference on Object-oriented programming systems, languages, and applications},
 year = {2006},
 isbn = {1-59593-348-4},
 pages = {451--464},
 location = {Portland, Oregon, USA},
 doi = {http://doi.acm.org/10.1145/1167473.1167511},
 publisher = {ACM},
 address = {New York, NY, USA},
 }


@article{gibbons,
author = {Gibbons, Jeremy and Lester, David and Bird, Richard},
title = {FUNCTIONAL PEARL: Enumerating the Rationals},
journal = {Journal of Functional Programming},
volume = {16},
number = {03},
pages = {281-291},
year = {2006},
doi = {10.1017/S0956796806005880},
URL = {http://journals.cambridge.org/action/displayAbstract?fromPage=online&aid=433845&fulltextType=RL&fileId=S0956796806005880},
eprint = {http://journals.cambridge.org/article_S0956796806005880},
}

@PHDTHESIS{sarnak,
  author = "Neil Ivor Sarnak",
  title = "Persistent data structures",
  school = "New York University",
  year = 1986
}

% BOOK seems to work better than techreport
% url is not used...
@BOOK{infoset,
  title = "XML Information Set (Second Edition)",
  editor = "John Cowan and Richard Tobin",
  institution = "W3C",
  year = 2004,
  url = "http://www.w3.org/TR/2004/REC-xml-infoset-20040204/"
}

@article{zavodnik,
 author = {Zavodnik, R J and Middleton, M D},
 title = {YALE: The design of yet another language-based editor},
 journal = {SIGPLAN Not.},
 volume = {21},
 number = {6},
 year = {1986},
 issn = {0362-1340},
 pages = {70--78},
 doi = {http://doi.acm.org/10.1145/14937.14946},
 publisher = {ACM},
 address = {New York, NY, USA},
 }

@inbook{dry,
  author = "A. Hunt and D. Thomas",
  chapter = "Don't Repeat Yourself",
  title="The Pragmatic Programmer",
  publisher = "Addison-Wesley",
  address="Boston",
  year = 2000
}

@article{holub,
  author = "Allen Holub",
  title="Just Say No to XML",
  journal = "SD Times",
  month = "September",
  year = 2006
}

@misc{clojure-and,
  title = "Clojure v1.2 API documentation",
  author = "Rich Hickey",
  howpublished = "Available at http://clojure.github.com/clojure/clojure.core-api.html\#clojure.core/and"
  year = 2010,
}


@book{python-and,
  title = "Dive into Python",
  author = "Mark Pilgrim",
  year = 2004
}
http://diveintopython.org/power_of_introspection/and_or.html

@book{jvm,
 author = {Lindholm, Tim and Yellin, Frank},
 title = {Java Virtual Machine Specification},
 year = {1999},
 isbn = {0201432943},
 publisher = {Addison-Wesley Longman Publishing Co., Inc.},
 address = {Boston, MA, USA},
}

@inproceedings{clojure,
 author = {Hickey, Rich},
 title = {The Clojure programming language},
 booktitle = {DLS '08: Proceedings of the 2008 symposium on Dynamic languages},
 year = {2008},
 isbn = {978-1-60558-270-2},
 pages = {1--1},
 location = {Paphos, Cyprus},
 doi = {http://doi.acm.org/10.1145/1408681.1408682},
 publisher = {ACM},
 address = {New York, NY, USA},
 }

@techreport{bagwell,
  author = "P. Bagwell",
  title = "Ideal Hash Trees",
  institution = "Ecole Polytechnique Federale de Lausanne",
  year = 2000
}
P. Bagwell. Ideal Hash Trees. Technical report, Computer Science Department, Ecole Polytechnique Federale de Lausanne, 2000. 681 

@book{javascript,
  title = "JavaScript, the definitive guide",
  publisher = "O'Reilly and Associates",
  address = "Sebastopol, CA",
  year = 2002
}

@book{mozart,
  title = "Concepts, Techniques, and Models of Computer Programming",
  author = "Peter van Roy and Seif Haridi",
  publisher = "Massachusetts Institute of Technology",
  year = 2004
}

@article{svg,
  title = "Scalable Vector Graphics",
  author = "A. Quint",
  journal = "Multimedia, IEEE",
  volume = 10,
  issue = 3,
  pages = 99--102,
  year = 2003
}

@techreport{openoffice,
  title = "OpenOffice.org XML File Format 1.0 December 2002",
  institution = "Sun Microsystems"
}
Sun Microsystems. OpenOffice.org XML File Format 1.0 December 2002. http://xml.openoffice.org/xml_specification.pdf

@techreport{mathml,
  title = "Mathematical Markup Language (MathML) version 2.0",
  institution = "W3C",
  year = 2003
}
Mathematical Markup Language (MathML) version 2.0 . W3C recommendation

@inbook{xml-bad-ant,
  author = "James Duncan Davidson",
  chapter = "The Creator of Ant Exorcizes One of His Demons",
  title = "Pragmatic Project Automation: How to Build, Deploy, and Monitor Java Apps",
  publisher = "The Pragmatic Programmers",
  year = 2004
}
http://www.ib-krajewski.de/misc/ant-retrospect.html
“The Creator of Ant Exorcizes One of His Demons” by James Duncan Davidson.
Davidson, J.D.: The Creator of Ant Exorcizes One of His Demons. Pragmatic 
Pro ject Automation: How to Build, Deploy, and Monitor Java Apps by M. Clark. 
The Pragmatic Programmers (2004) 

@misc{lhs2tex,
  author = {Ralf Hinze and Andres L\"oh},
  title = "The lhs2TeX System for Typesetting Haskell",
  howpublished = "Available at: http://www.cs.uu.nl/~andres/lhs2tex/",
  year = 2006
}
Hinze, R. & L¨ 
oh, A. (2006) The lhs2TeX System for Typesetting Haskell. Available at: 
http://www.cs.uu.nl/~andres/lhs2tex/. 

@book{java2d,
  author = "Vincent J. Hardy",
  title = "Java 2D API Graphics",
  publisher = "Prentice Hall",
  year = 2000
}
publisher = "Prentice Hall PTR",
address = "Upper Saddle River, NJ, USA",

@inbook{tex-math,
  author = "Donald E. Knuth",
  chapter = "Appendix G",
  title = {The {\TeX}book},
  publisher = "Addison-Wesley",
  address = "Reading, MA",
  year = 1984
}

@article{lexx,
  title = "LEXX - A Programmable Structured Editor",
  author = "M.F. Cowlishaw",
  journal = "IBM Journal of Research and Development",
  volume = 31,
  number = 1,
  pages = "73--80",
  year = 1987
}

%article{coderchrome,
}

@inproceedings{insitu,
 author = {Harward, Matthew and Irwin, Warwick and Churcher, Neville},
 title = {In Situ Software Visualisation},
 booktitle = {ASWEC '10: Proceedings of the 2010 21st Australian Software Engineering Conference},
 year = {2010},
 isbn = {978-0-7695-4006-1},
 pages = {171--180},
 doi = {http://dx.doi.org/10.1109/ASWEC.2010.18},
 publisher = {IEEE Computer Society},
 address = {Washington, DC, USA},
 }

%
% Examples...
%

%INPROCEEDINGS{taum,
  author =	"Joseph D. Taum",
  title =	"Investigation of flow turning phenomenon",
  booktitle =	"20th Aerospace Sciences Meeting",
  organization = "AIAA",
  series =	"82",
  number =	"0297",
  year =	"1982"
}

%ARTICLE{zeddini,
  author =	"Robert A. Zeddini",
  title =	"Injection-induced flows in porous-walled ducts",
  journal =	"AIAA Journal",
  volume =	"14",
  pages =	"766--773",
  year =	"1981"
  }

%PHDTHESIS{lao:thesis,
  author =	"Henry Lao",
  title =	"Linear Acoustic Processes in Rocket Engines",
  school =	"University of Colorado at Boulder",
  year =	"1979"
  }
